% Encoding: UTF-8

@Misc{vaswani2017attention,
  author        = {Ashish Vaswani and Noam Shazeer and Niki Parmar and Jakob Uszkoreit and Llion Jones and Aidan N. Gomez and Lukasz Kaiser and Illia Polosukhin},
  title         = {Attention Is All You Need},
  year          = {2017},
  archiveprefix = {arXiv},
  eprint        = {1706.03762},
  primaryclass  = {cs.CL},
  url           = {https://arxiv.org/abs/1706.03762},
}

@Misc{shen2020efficient,
  author        = {Zhuoran Shen and Mingyuan Zhang and Haiyu Zhao and Shuai Yi and Hongsheng Li},
  title         = {Efficient Attention: Attention with Linear Complexities},
  year          = {2020},
  archiveprefix = {arXiv},
  eprint        = {1812.01243},
  primaryclass  = {cs.CV},
  url           = {https://arxiv.org/abs/1812.01243},
}

@Misc{katharopoulos2020transformers,
  author        = {Angelos Katharopoulos and Apoorv Vyas and Nikolaos Pappas and Fran√ßois Fleuret},
  title         = {Transformers are RNNs: Fast Autoregressive Transformers with Linear Attention},
  year          = {2020},
  archiveprefix = {arXiv},
  eprint        = {2006.16236},
  primaryclass  = {cs.LG},
  url           = {https://arxiv.org/abs/2006.16236},
}

@Misc{choromanski2021rethinking,
  author        = {Krzysztof Choromanski and Valerii Likhosherstov and David Dohan and Xingyou Song and Andreea Gane and Tamas Sarlos and Peter Hawkins and Jared Davis and Afroz Mohiuddin and Lukasz Kaiser and David Belanger and Lucy Colwell and Adrian Weller},
  title         = {Rethinking Attention with Performers},
  year          = {2021},
  archiveprefix = {arXiv},
  eprint        = {2009.14794},
  primaryclass  = {cs.LG},
  url           = {https://arxiv.org/abs/2009.14794},
}

@Misc{shaw2018selfattention,
  author        = {Peter Shaw and Jakob Uszkoreit and Ashish Vaswani},
  title         = {Self-Attention with Relative Position Representations},
  year          = {2018},
  archiveprefix = {arXiv},
  eprint        = {1803.02155},
  primaryclass  = {cs.CL},
  url           = {https://arxiv.org/abs/1803.02155},
}

@Misc{horn2021translational,
  author        = {Max Horn and Kumar Shridhar and Elrich Groenewald and Philipp F. M. Baumann},
  title         = {Translational Equivariance in Kernelizable Attention},
  year          = {2021},
  archiveprefix = {arXiv},
  eprint        = {2102.07680},
  primaryclass  = {cs.LG},
  url           = {https://arxiv.org/abs/2102.07680},
}

@Comment{jabref-meta: databaseType:bibtex;}
